%% This BibTeX bibliography file was created using BibDesk.
%% http://bibdesk.sourceforge.net/

%% Created for Jingwei Hu at 2018-05-13 17:16:10 -0400 


%% Saved with string encoding Unicode (UTF-8) 



@article{Lions94,
	Author = {P. L. Lions},
	Date-Added = {2018-05-13 21:16:10 +0000},
	Date-Modified = {2018-05-13 21:16:10 +0000},
	Journal = {J. Math. Kyoto Univ.},
	Pages = {391--427},
	Title = {{Compactness in Boltzmann's equation via Fourier integral operators and applications. I}},
	Volume = {34},
	Year = {1994}}

@incollection{NE,
	Author = {T. van Noije and M. Ernst},
	Booktitle = {Granular Gases},
	Date-Added = {2018-05-13 16:47:53 +0000},
	Date-Modified = {2018-05-13 19:25:34 +0000},
	Editor = {T. Poschel and S. Luding},
	Pages = {3--30},
	Publisher = {Springer},
	Series = {Lecture Notes in Physics},
	Title = {Kinetic theory of granular gases},
	Year = {2001}}

@article{GST01,
	Author = {S. Gottlieb and C.-W. Shu and E. Tadmor},
	Date-Added = {2018-05-11 20:37:27 +0000},
	Date-Modified = {2018-05-11 20:37:27 +0000},
	Journal = {SIAM Rev.},
	Pages = {89--112},
	Title = {Strong stability-preserving high-order time discretization methods},
	Volume = {43},
	Year = {2001}}

@techreport{Beentjes15,
	Author = {C. H. L. Beentjes},
	Date-Added = {2018-05-11 17:43:48 +0000},
	Date-Modified = {2018-05-11 17:43:48 +0000},
	Institution = {University of Oxford},
	Title = {Quadrature on a spherical surface},
	Year = {2015}}

@article{PR00,
	Author = {L. Pareschi and G. Russo},
	Date-Added = {2018-05-11 15:02:51 +0000},
	Date-Modified = {2018-05-11 15:02:51 +0000},
	Journal = {SIAM J. Numer. Anal.},
	Pages = {1217--1245},
	Title = {Numerical solution of the {B}oltzmann equation {I}: spectrally accurate approximation of the collision operator},
	Volume = {37},
	Year = {2000},
	Bdsk-File-1 = {YnBsaXN0MDDUAQIDBAUGJCVYJHZlcnNpb25YJG9iamVjdHNZJGFyY2hpdmVyVCR0b3ASAAGGoKgHCBMUFRYaIVUkbnVsbNMJCgsMDxJXTlMua2V5c1pOUy5vYmplY3RzViRjbGFzc6INDoACgAOiEBGABIAFgAdccmVsYXRpdmVQYXRoWWFsaWFzRGF0YV8QLC4uLy4uL0h1X0FQUUJFL29sZC9BUFFCRTIvcmVmX0FQUUJFL1BSMDAucGRm0hcLGBlXTlMuZGF0YU8RAYYAAAAAAYYAAgAADE1hY2ludG9zaCBIRAAAAAAAAAAAAAAAAAAAAAAAAABCRAAB/////whQUjAwLnBkZgAAAAAAAAAAAAAAAAAAAAAAAAAAAAAAAAAAAAAAAAAAAAAAAAAAAAAAAAAAAAAAAAAAAAAAAAD/////AAAAAAAAAAAAAAAAAAIABQAACiBjdQAAAAAAAAAAAAAAAAAJcmVmX0FQUUJFAAACAEsvOlVzZXJzOmppbmd3ZWlodTpEb2N1bWVudHM6TXlfUGFwZXI6SHVfQVBRQkU6b2xkOkFQUUJFMjpyZWZfQVBRQkU6UFIwMC5wZGYAAA4AEgAIAFAAUgAwADAALgBwAGQAZgAPABoADABNAGEAYwBpAG4AdABvAHMAaAAgAEgARAASAElVc2Vycy9qaW5nd2VpaHUvRG9jdW1lbnRzL015X1BhcGVyL0h1X0FQUUJFL29sZC9BUFFCRTIvcmVmX0FQUUJFL1BSMDAucGRmAAATAAEvAAAVAAIAEP//AACABtIbHB0eWiRjbGFzc25hbWVYJGNsYXNzZXNdTlNNdXRhYmxlRGF0YaMdHyBWTlNEYXRhWE5TT2JqZWN00hscIiNcTlNEaWN0aW9uYXJ5oiIgXxAPTlNLZXllZEFyY2hpdmVy0SYnVHJvb3SAAQAIABEAGgAjAC0AMgA3AEAARgBNAFUAYABnAGoAbABuAHEAcwB1AHcAhACOAL0AwgDKAlQCVgJbAmYCbwJ9AoECiAKRApYCowKmArgCuwLAAAAAAAAAAgEAAAAAAAAAKAAAAAAAAAAAAAAAAAAAAsI=}}

@book{BP04,
	Author = {N. V. Brilliantov and T. Poschel},
	Date-Added = {2018-05-11 00:31:41 +0000},
	Date-Modified = {2018-05-11 00:32:38 +0000},
	Publisher = {Oxford University Press},
	Title = {Kinetic Theory of Granular Gases},
	Year = {2004}}

@article{Womersley,
	Author = {R. Womersley},
	Date-Added = {2018-05-10 20:51:01 +0000},
	Date-Modified = {2018-05-11 02:06:03 +0000},
	Title = {{Symmetric Spherical Designs on the sphere $S^2$ with good geometric properties, The University of New South Wales.}},
	Url = {http://web.maths.unsw.edu.au/~rsw/Sphere/EffSphDes/ss.html},
	Urldate = {Sep. 27, 2016},
	Bdsk-Url-1 = {http://web.maths.unsw.edu.au/$%5Csim$rsw/Sphere/EffSphDes/ss.html}}

@article{MS00,
	Author = {J. M. Montanero and A. Santos},
	Date-Added = {2018-05-10 19:24:05 +0000},
	Date-Modified = {2018-05-10 19:24:53 +0000},
	Journal = {Granular Matter},
	Pages = {53--64},
	Title = {Computer simulation of uniformly heated granular fluids},
	Volume = {2},
	Year = {2000}}

@incollection{Villani02,
	Author = {C. Villani},
	Booktitle = {Handbook of Mathematical Fluid Mechanics},
	Date-Added = {2018-05-10 15:22:48 +0000},
	Date-Modified = {2018-05-10 15:22:48 +0000},
	Editor = {S. Friedlander and D. Serre},
	Pages = {71--305},
	Publisher = {North-Holland},
	Title = {A review of mathematical topics in collisional kinetic theory},
	Volume = {I},
	Year = {2002},
	Bdsk-File-1 = {YnBsaXN0MDDUAQIDBAUGJCVYJHZlcnNpb25YJG9iamVjdHNZJGFyY2hpdmVyVCR0b3ASAAGGoKgHCBMUFRYaIVUkbnVsbNMJCgsMDxJXTlMua2V5c1pOUy5vYmplY3RzViRjbGFzc6INDoACgAOiEBGABIAFgAdccmVsYXRpdmVQYXRoWWFsaWFzRGF0YV8QPS4uLy4uLy4uL1Jlc2VhcmNoL1Jlc2VhcmNoX1BhcGVyL0JvbHR6bWFubi9SZXZpZXcvVmlsbGFuaS5wZGbSFwsYGVdOUy5kYXRhTxEBtAAAAAABtAACAAAMTWFjaW50b3NoIEhEAAAAAAAAAAAAAAAAAAAAyec41EgrAAAAHY00C1ZpbGxhbmkucGRmAAAAAAAAAAAAAAAAAAAAAAAAAAAAAAAAAAAAAAAAAAAAAAAAAAAAAAAAAAAAAAAAAAAAAAAdjTvAq3RXAAAAAAAAAAAAAwAFAAAJIAAAAAAAAAAAAAAAAAAAAAZSZXZpZXcAEAAIAADJ538kAAAAEQAIAADAq7qnAAAAAQAYAB2NNAAdjRkAHY0XAB1o5QAIe38AAJigAAIAUE1hY2ludG9zaCBIRDpVc2VyczoAaHU6AFJlc2VhcmNoOgBSZXNlYXJjaF9QYXBlcjoAQm9sdHptYW5uOgBSZXZpZXc6AFZpbGxhbmkucGRmAA4AGAALAFYAaQBsAGwAYQBuAGkALgBwAGQAZgAPABoADABNAGEAYwBpAG4AdABvAHMAaAAgAEgARAASAD1Vc2Vycy9odS9SZXNlYXJjaC9SZXNlYXJjaF9QYXBlci9Cb2x0em1hbm4vUmV2aWV3L1ZpbGxhbmkucGRmAAATAAEvAAAVAAIACf//AACABtIbHB0eWiRjbGFzc25hbWVYJGNsYXNzZXNdTlNNdXRhYmxlRGF0YaMdHyBWTlNEYXRhWE5TT2JqZWN00hscIiNcTlNEaWN0aW9uYXJ5oiIgXxAPTlNLZXllZEFyY2hpdmVy0SYnVHJvb3SAAQAIABEAGgAjAC0AMgA3AEAARgBNAFUAYABnAGoAbABuAHEAcwB1AHcAhACOAM4A0wDbApMClQKaAqUCrgK8AsACxwLQAtUC4gLlAvcC+gL/AAAAAAAAAgEAAAAAAAAAKAAAAAAAAAAAAAAAAAAAAwE=}}

@incollection{BP,
	Author = {N. V. Brilliantov and T. Poschel},
	Booktitle = {Granular Gases},
	Date-Added = {2018-05-10 14:36:15 +0000},
	Date-Modified = {2018-05-13 19:23:30 +0000},
	Editor = {T. Poschel and S. Luding},
	Pages = {100--124},
	Publisher = {Springer},
	Series = {Lecture Notes in Physics},
	Title = {Granular gases with impact-velocity-dependent restitution coefficient},
	Year = {2001}}

@article{WWSRZ13,
	Author = {L. Wu and C. White and T. J. Scanlon and J. M. Reese and Y. Zhang},
	Date-Added = {2018-05-10 02:03:45 +0000},
	Date-Modified = {2018-05-10 02:03:45 +0000},
	Journal = {J. Comput. Phys.},
	Pages = {27--52},
	Title = {Deterministic numerical solutions of the {B}oltzmann equation using the fast spectral method},
	Volume = {250},
	Year = {2013}}

@article{WZR15,
	Author = {L. Wu and Y. Zhang and J. M. Reese},
	Date-Added = {2018-05-10 01:26:19 +0000},
	Date-Modified = {2018-05-10 01:26:19 +0000},
	Journal = {J. Comput. Phys.},
	Pages = {66--79},
	Title = {Fast spectral solution of the generalized {E}nskog equation for dense gases},
	Volume = {303},
	Year = {2015}}

@article{GHHH17,
	Author = {I. Gamba and J. Haack and C. Hauck and J. Hu},
	Date-Added = {2018-05-09 21:40:24 +0000},
	Date-Modified = {2018-05-09 21:40:24 +0000},
	Journal = {SIAM J. Sci. Comput.},
	Pages = {B658--B674},
	Title = {A fast spectral method for the {B}oltzmann collision operator with general collision kernels},
	Volume = {39},
	Year = {2017}}

@article{FR13,
	Author = {F. Filbet and T. Rey},
	Date-Added = {2018-05-09 20:00:25 +0000},
	Date-Modified = {2018-05-09 20:00:25 +0000},
	Journal = {J. Comput. Phys.},
	Pages = {177--199},
	Title = {A rescaling velocity method for dissipative kinetic equations. {A}pplications to granular media},
	Volume = {248},
	Year = {2013}}

@article{GT09,
	Author = {I. M. Gamba and S. H. Tharkabhushanam},
	Date-Added = {2018-05-09 19:59:22 +0000},
	Date-Modified = {2018-05-09 19:59:22 +0000},
	Journal = {J. Comput. Phys.},
	Pages = {2012--2036},
	Title = {Spectral-{L}agrangian methods for collisional models of non-equilibrium statistical states},
	Volume = {228},
	Year = {2009}}

@article{NPT03,
	Author = {Naldi, G. and Pareschi, L. and Toscani, G.},
	Date-Added = {2018-05-09 19:58:17 +0000},
	Date-Modified = {2018-05-09 19:58:26 +0000},
	Journal = {ESAIM: Math. Model. Numer. Anal.},
	Pages = {73--90},
	Title = {{Spectral methods for one-dimensional kinetic models of granular flows and numerical quasi elastic limit}},
	Volume = {37},
	Year = {2003}}

@article{DP14,
	Author = {G. Dimarco and L. Pareschi},
	Date-Added = {2018-05-09 19:41:41 +0000},
	Date-Modified = {2018-05-09 19:41:47 +0000},
	Journal = {Acta Numer.},
	Pages = {369--520},
	Title = {Numerical methods for kinetic equations},
	Volume = {23},
	Year = {2014}}

@book{Bird,
	Author = {G. A. Bird},
	Date-Added = {2018-05-09 18:39:19 +0000},
	Date-Modified = {2018-05-09 18:39:19 +0000},
	Publisher = {Clarendon Press, Oxford},
	Title = {Molecular {G}as {D}ynamics and the {D}irect {S}imulation of {G}as {F}lows},
	Year = {1994}}

@article{RW07,
	Author = {S. Rjasanow and W. Wagner},
	Date-Added = {2018-05-09 18:38:38 +0000},
	Date-Modified = {2018-05-09 18:38:38 +0000},
	Journal = {SIAM J. Numer. Anal.},
	Pages = {54--67},
	Title = {Time splitting error in {DSMC} schemes for the spatially homogeneous inelastic {B}oltzmann equation},
	Volume = {45},
	Year = {2007}}

@article{GRW05,
	Author = {I. M. Gamba and S. Rjasanow and W. Wagner},
	Date-Added = {2018-05-09 18:38:24 +0000},
	Date-Modified = {2018-05-09 18:38:24 +0000},
	Journal = {Math. Comput. Modelling},
	Pages = {683--700},
	Title = {Direct simulation of the uniformly heated granular {B}oltzmann equation},
	Volume = {42},
	Year = {2005}}

@article{CCC09,
	Author = {E. A. Carlen and J. A. Carrillo and M. C. Carvalho},
	Date-Added = {2018-05-07 17:56:13 +0000},
	Date-Modified = {2018-05-07 17:57:59 +0000},
	Journal = {Ann. I. H. Poincare},
	Pages = {1675--1700},
	Title = {Strong convergence towards homogeneous cooling states for dissipative {M}axwell models},
	Volume = {26},
	Year = {2009}}

@book{Cercignani,
	Author = {C. Cercignani},
	Date-Added = {2018-05-07 17:37:20 +0000},
	Date-Modified = {2018-05-07 17:37:20 +0000},
	Publisher = {Springer-Verlag, New York},
	Title = {The {B}oltzmann {E}quation and {I}ts {A}pplications},
	Year = {1988}}

@article{Dirac1953888,
	Author = {P.A.M. Dirac},
	Journal = {Physica},
	Number = {1--12},
	Pages = {888--896},
	Title = {The lorentz transformation and absolute time},
	Volume = {19},
	Year = {1953}}

@article{Feynman1963118,
	Author = {R.P Feynman and F.L {Vernon Jr.}},
	Journal = {Annals of Physics},
	Pages = {118--173},
	Title = {The theory of a general quantum system interacting with a linear dissipative system},
	Volume = {24},
	Year = {1963}}

@article{FOURNIER20051173,
	Author = {Nicolas Fournier and St{\'e}phane Mischler},
	Issn = {0021-7824},
	Journal = {Journal de Math{\'e}matiques Pures et Appliqu{\'e}es},
	Keywords = {Existence, Uniqueness, Long time asymptotic, Povzner inequality, Entropy dissipation method, Stochastic interpretation},
	Number = {9},
	Pages = {1173 - 1234},
	Title = {A spatially homogeneous Boltzmann equation for elastic, inelastic and coalescing collisions},
	Volume = {84},
	Year = {2005}}

@article{FPT05,
	Acmid = {1065128},
	Address = {San Diego, CA, USA},
	Author = {Filbet, Francis and Pareschi, Lorenzo and Toscani, Giuseppe},
	Date-Modified = {2018-05-09 19:59:01 +0000},
	Issn = {0021-9991},
	Issue_Date = {January 2005},
	Journal = {J. Comput. Phys.},
	Keywords = {65L60, 65R20, 76P05, 82C40, Granular gases, Homogeneous cooling, Inelastic Boltzmann equation, Spectral methods},
	Month = jan,
	Number = {1},
	Numpages = {20},
	Pages = {216--235},
	Publisher = {Academic Press Professional, Inc.},
	Title = {Accurate Numerical Methods for the Collisional Motion of (Heated) Granular Flows},
	Volume = {202},
	Year = {2005}}

@article{hu2012fast,
	Author = {Hu, Jingwei and Ying, Lexing},
	Journal = {Communications in Mathematical Sciences},
	Number = {3},
	Pages = {989--999},
	Publisher = {International Press of Boston},
	Title = {A fast spectral algorithm for the quantum Boltzmann collision operator},
	Volume = {10},
	Year = {2012}}

@article{mouhot2006fast,
	Author = {Mouhot, Cl{\'e}ment and Pareschi, Lorenzo},
	Journal = {Mathematics of computation},
	Number = {256},
	Pages = {1833--1852},
	Title = {Fast algorithms for computing the Boltzmann collision operator},
	Volume = {75},
	Year = {2006}}

@article{fast1999,
	Author = {A.V. Bobylev and S. Rjasanow},
	Issn = {0997-7546},
	Journal = {European Journal of Mechanics - B/Fluids},
	Keywords = {Direct Simulation Monte Carlo, hard spheres model, deterministic},
	Number = {5},
	Pages = {869 - 887},
	Title = {Fast deterministic method of solving the Boltzmann equation for hard spheres},
	Volume = {18},
	Year = {1999}}

@article{gamba_hu,
	Author = {Irene M. Gamba and Jeffrey R. Haack and Cory D. Hauck and Jingwei Hu},
	Journal = {SIAM Journal on Scientific Computing},
	Number = {4},
	Pages = {B658-B674},
	Title = {A Fast Spectral Method for the Boltzmann Collision Operator with General Collision Kernels},
	Volume = {39},
	Year = {2017}}

@article{GAMBA20092012,
	Author = {Irene M. Gamba and Sri Harsha Tharkabhushanam},
	Issn = {0021-9991},
	Journal = {Journal of Computational Physics},
	Keywords = {Spectral method, Boltzmann transport equation, Conservative/non-conservative deterministic method, Lagrangian optimization, FFT},
	Number = {6},
	Pages = {2012 - 2036},
	Title = {Spectral-Lagrangian methods for collisional models of non-equilibrium statistical states},
	Volume = {228},
	Year = {2009}}

@article{Rjasanow2007,
	Author = {Sergej Rjasanow and Wolfgang Wagner},
	Journal = {SIAM Journal on Numerical Analysis},
	Number = {1},
	Pages = {54-67},
	Title = {Time Splitting Error in DSMC Schemes for the Spatially Homogeneous Inelastic Boltzmann Equation},
	Volume = {45},
	Year = {2007}}

@article{Villani2006,
	Abstract = {This is a short and somewhat informal review on the most mathematical parts of the kinetic theory of granular media, intended for physicists and for mathematicians outside the field.},
	Author = {Villani, C{\'e}dric},
	Date-Modified = {2018-05-07 18:32:14 +0000},
	Journal = {J. Stat. Phys.},
	Pages = {781--822},
	Title = {Mathematics of Granular Materials},
	Volume = {124},
	Year = {2006}}

@article{WU201566,
	Author = {Lei Wu and Yonghao Zhang and Jason M. Reese},
	Issn = {0021-9991},
	Journal = {Journal of Computational Physics},
	Keywords = {Enskog equation, Dense granular gas, Fast spectral method, Rarefied gas dynamics},
	Pages = {66 - 79},
	Title = {Fast spectral solution of the generalized Enskog equation for dense gases},
	Volume = {303},
	Year = {2015}}

@article{gamba2002inelastic,
	Author = {Gamba, IM and Panferov, V and Villani, C},
	Journal = {Nonlinear problems in mathematical physics and related topics, II},
	Pages = {179--192},
	Title = {On the inelastic Boltzmann equation with diffusive forcing},
	Year = {2002}}

@article{noije,
	Author = {van Noije, T.P.C. and Ernst, M.H.},
	Date-Modified = {2018-05-09 15:08:43 +0000},
	Journal = {Granular Matter},
	Pages = {57--64},
	Title = {Velocity distributions in homogeneous granular fluids: the free and the heated case},
	Volume = {1},
	Year = {1998}}

@article{shuTadmor,
	Author = {Gottlieb, Sigal and Shu, Chi-Wang and Tadmor, Eitan},
	Journal = {SIAM review},
	Number = {1},
	Pages = {89--112},
	Publisher = {SIAM},
	Title = {Strong stability-preserving high-order time discretization methods},
	Volume = {43},
	Year = {2001}}

@article{Haff83,
	Author = {Haff, PK},
	Date-Modified = {2018-05-11 01:04:31 +0000},
	Journal = {J. Fluid Mech.},
	Pages = {401--430},
	Publisher = {Cambridge University Press},
	Title = {Grain flow as a fluid-mechanical phenomenon},
	Volume = {134},
	Year = {1983}}

@book{oxfordbook,
	Author = {Brilliantov, Nikolai V and P{\"o}schel, Thorsten},
	Publisher = {Oxford University Press},
	Title = {Kinetic Theory of Granular Gases},
	Year = {2010}}
