@article{Dirac1953888,
  title   = "The lorentz transformation and absolute time",
  journal = "Physica ",
  volume  = "19",
  number  = "1--12",
  pages   = "888--896",
  year    = "1953",
  author  = "P.A.M. Dirac"
}

@article{Feynman1963118,
  title   = "The theory of a general quantum system interacting with a linear dissipative system",
  journal = "Annals of Physics ",
  volume  = "24",
  pages   = "118--173",
  year    = "1963",
  author  = "R.P Feynman and F.L {Vernon Jr.}"
}

@article{FOURNIER20051173,
title = "A spatially homogeneous Boltzmann equation for elastic, inelastic and coalescing collisions",
journal = "Journal de Mathématiques Pures et Appliquées",
volume = "84",
number = "9",
pages = "1173 - 1234",
year = "2005",
issn = "0021-7824",
author = "Nicolas Fournier and Stéphane Mischler",
keywords = "Existence, Uniqueness, Long time asymptotic, Povzner inequality, Entropy dissipation method, Stochastic interpretation"
}

@article{filbet2005,
 author = {Filbet, Francis and Pareschi, Lorenzo and Toscani, Giuseppe},
 title = {Accurate Numerical Methods for the Collisional Motion of (Heated) Granular Flows},
 journal = {J. Comput. Phys.},
 issue_date = {January 2005},
 volume = {202},
 number = {1},
 month = jan,
 year = {2005},
 issn = {0021-9991},
 pages = {216--235},
 numpages = {20},
 acmid = {1065128},
 publisher = {Academic Press Professional, Inc.},
 address = {San Diego, CA, USA},
 keywords = {65L60, 65R20, 76P05, 82C40, Granular gases, Homogeneous cooling, Inelastic Boltzmann equation, Spectral methods},
} 

@article{hu2012fast,
  title={A fast spectral algorithm for the quantum Boltzmann collision operator},
  author={Hu, Jingwei and Ying, Lexing},
  journal={Communications in Mathematical Sciences},
  volume={10},
  number={3},
  pages={989--999},
  year={2012},
  publisher={International Press of Boston}
}

@article{mouhot2006fast,
  title={Fast algorithms for computing the Boltzmann collision operator},
  author={Mouhot, Cl{\'e}ment and Pareschi, Lorenzo},
  journal={Mathematics of computation},
  volume={75},
  number={256},
  pages={1833--1852},
  year={2006}
}

@article{fast1999,
title = "Fast deterministic method of solving the Boltzmann equation for hard spheres",
journal = "European Journal of Mechanics - B/Fluids",
volume = "18",
number = "5",
pages = "869 - 887",
year = "1999",
issn = "0997-7546",
author = "A.V. Bobylev and S. Rjasanow",
keywords = "Direct Simulation Monte Carlo, hard spheres model, deterministic"
}

@article{gamba_hu,
author = {Irene M. Gamba and Jeffrey R. Haack and Cory D. Hauck and Jingwei Hu},
title = {A Fast Spectral Method for the Boltzmann Collision Operator with General Collision Kernels},
journal = {SIAM Journal on Scientific Computing},
volume = {39},
number = {4},
pages = {B658-B674},
year = {2017}
}

@article{GAMBA20092012,
title = "Spectral-Lagrangian methods for collisional models of non-equilibrium statistical states",
journal = "Journal of Computational Physics",
volume = "228",
number = "6",
pages = "2012 - 2036",
year = "2009",
issn = "0021-9991",
author = "Irene M. Gamba and Sri Harsha Tharkabhushanam",
keywords = "Spectral method, Boltzmann transport equation, Conservative/non-conservative deterministic method, Lagrangian optimization, FFT"
}

@article{Rjasanow2007,
author = {Sergej Rjasanow and Wolfgang Wagner},
title = {Time Splitting Error in DSMC Schemes for the Spatially Homogeneous Inelastic Boltzmann Equation},
journal = {SIAM Journal on Numerical Analysis},
volume = {45},
number = {1},
pages = {54-67},
year = {2007}
}

@Article{Villani2006,
author="Villani, C{\'e}dric",
title="Mathematics of Granular Materials",
journal="Journal of Statistical Physics",
year="2006",
month="Aug",
day="01",
volume="124",
number="2",
pages="781--822",
abstract="This is a short and somewhat informal review on the most mathematical parts of the kinetic theory of granular media, intended for physicists and for mathematicians outside the field.",
issn="1572-9613"
}

@article{WU201566,
title = "Fast spectral solution of the generalized Enskog equation for dense gases",
journal = "Journal of Computational Physics",
volume = "303",
pages = "66 - 79",
year = "2015",
issn = "0021-9991",
author = "Lei Wu and Yonghao Zhang and Jason M. Reese",
keywords = "Enskog equation, Dense granular gas, Fast spectral method, Rarefied gas dynamics"
}

@article{gamba2002inelastic,
  title={On the inelastic Boltzmann equation with diffusive forcing},
  author={Gamba, IM and Panferov, V and Villani, C},
  journal={Nonlinear problems in mathematical physics and related topics, II},
  pages={179--192},
  year={2002}
}

@article{noije,
author="van Noije, T.P.C.
and Ernst, M.H.",
title="Velocity distributions in homogeneous granular fluids: the free and the heated case",
journal="Granular Matter", 
year="1998",
month="Sep",
day="01",
volume="1",
number="2",
pages="57--64",
}

@article{shuTadmor,
  title={Strong stability-preserving high-order time discretization methods},
  author={Gottlieb, Sigal and Shu, Chi-Wang and Tadmor, Eitan},
  journal={SIAM review},
  volume={43},
  number={1},
  pages={89--112},
  year={2001},
  publisher={SIAM}
}

@article{haff1983,
  title={Grain flow as a fluid-mechanical phenomenon},
  author={Haff, PK},
  journal={Journal of Fluid Mechanics},
  volume={134},
  pages={401--430},
  year={1983},
  publisher={Cambridge University Press}
}

@book{oxfordbook,
  title={Kinetic Theory of Granular Gases},
  author={Brilliantov, Nikolai V and P{\"o}schel, Thorsten},
  year={2010},
  publisher={Oxford University Press}
}